<?xml version = "1.0" encoding = "UTF-8"?><record>
  <leader>01647nmm#a2200421#c#4500</leader>
  <controlfield tag="005">20210409120943.0</controlfield>
  <controlfield tag="007">cr#|||||||||||</controlfield>
  <controlfield tag="008">150424|2015####gw######o##|########ger#c</controlfield>
  <controlfield tag="003">DE-605</controlfield>
  <controlfield tag="001">990207750460206441</controlfield>
  <datafield tag="020" ind1=" " ind2=" ">
    <subfield code="a">9783981642216</subfield>
    <subfield code="9">978-3-9816422-1-6</subfield>
  </datafield>
  <datafield tag="024" ind1="7" ind2=" ">
    <subfield code="a">urn:nbn:de:hbz:5:2-66128</subfield>
    <subfield code="2">urn</subfield>
  </datafield>
  <datafield tag="035" ind1=" " ind2=" ">
    <subfield code="a">(DE-605)HT018617137</subfield>
  </datafield>
  <datafield tag="040" ind1=" " ind2=" ">
    <subfield code="a">5</subfield>
    <subfield code="b">ger</subfield>
    <subfield code="d">5</subfield>
    <subfield code="e">rakwb</subfield>
  </datafield>
  <datafield tag="041" ind1=" " ind2=" ">
    <subfield code="a">ger</subfield>
  </datafield>
  <datafield tag="044" ind1=" " ind2=" ">
    <subfield code="c">XA-DE</subfield>
  </datafield>
  <datafield tag="084" ind1=" " ind2=" ">
    <subfield code="a">Nordrhein-Westfalen</subfield>
    <subfield code="0">https://nwbib.de/spatial#N01</subfield>
    <subfield code="2">nwbib</subfield>
    <subfield code="0">(uri) https://portal.dnb.de/opac.htm?method=simpleSearch&amp;cqlMode=true&amp;query=idn=040425703</subfield>
    <subfield code="0">(uri) http://viaf.org/viaf/sourceID/DNB|040425703</subfield>
  </datafield>
  <datafield tag="084" ind1=" " ind2=" ">
    <subfield code="a">Fachhochschulen</subfield>
    <subfield code="0">https://nwbib.de/subjects#N796000</subfield>
    <subfield code="2">nwbib</subfield>
  </datafield>
  <datafield tag="100" ind1="1" ind2=" ">
    <subfield code="a">Helm, Eva Maria</subfield>
    <subfield code="4">aut</subfield>
  </datafield>
  <datafield tag="245" ind1="1" ind2="0">
    <subfield code="a">Nachhaltige Forschung an Fachhochschulen in NRW</subfield>
    <subfield code="h">Elektronische Ressource</subfield>
    <subfield code="b">Forschung gestaltet unsere Lebenswelten</subfield>
    <subfield code="c">[Text: Eva Maria Helm]</subfield>
  </datafield>
  <datafield tag="264" ind1=" " ind2="1">
    <subfield code="a">K&#246;ln</subfield>
    <subfield code="b">Projekt &quot;Nachhaltige Forschung an Fachhochschulen in NRW&quot;</subfield>
    <subfield code="c">2015</subfield>
  </datafield>
  <datafield tag="300" ind1=" " ind2=" ">
    <subfield code="a">55 S. : Ill.</subfield>
  </datafield>
  <datafield tag="340" ind1=" " ind2=" ">
    <subfield code="a">Online-Ressource</subfield>
    <subfield code="9">F:652a</subfield>
  </datafield>
  <datafield tag="490" ind1="0" ind2=" ">
    <subfield code="a">Menschen &amp; Fortschritt</subfield>
  </datafield>
  <datafield tag="689" ind1="0" ind2="0">
    <subfield code="a">Nordrhein-Westfalen</subfield>
    <subfield code="D">g</subfield>
    <subfield code="0">(DE-588)4042570-8</subfield>
    <subfield code="0">(uri) https://portal.dnb.de/opac.htm?method=simpleSearch&amp;cqlMode=true&amp;query=idn=040425703</subfield>
    <subfield code="0">(uri) http://viaf.org/viaf/sourceID/DNB|040425703</subfield>
    <subfield code="B">GND-040425703</subfield>
  </datafield>
  <datafield tag="689" ind1="0" ind2="1">
    <subfield code="a">Fachhochschule</subfield>
    <subfield code="D">s</subfield>
    <subfield code="0">(DE-588)4016172-9</subfield>
    <subfield code="0">(uri) https://portal.dnb.de/opac.htm?method=simpleSearch&amp;cqlMode=true&amp;query=idn=040161722</subfield>
    <subfield code="0">(uri) http://viaf.org/viaf/sourceID/DNB|040161722</subfield>
    <subfield code="B">GND-040161722</subfield>
  </datafield>
  <datafield tag="689" ind1="0" ind2="2">
    <subfield code="a">Forschung und Entwicklung</subfield>
    <subfield code="D">s</subfield>
    <subfield code="0">(DE-588)4017897-3</subfield>
    <subfield code="0">(uri) https://portal.dnb.de/opac.htm?method=simpleSearch&amp;cqlMode=true&amp;query=idn=040178978</subfield>
    <subfield code="0">(uri) http://viaf.org/viaf/sourceID/DNB|040178978</subfield>
    <subfield code="B">GND-040178978</subfield>
  </datafield>
  <datafield tag="689" ind1="0" ind2="3">
    <subfield code="a">Nachhaltigkeit</subfield>
    <subfield code="D">s</subfield>
    <subfield code="0">(DE-588)4326464-5</subfield>
    <subfield code="0">(uri) https://portal.dnb.de/opac.htm?method=simpleSearch&amp;cqlMode=true&amp;query=idn=043264646</subfield>
    <subfield code="0">(uri) http://viaf.org/viaf/sourceID/DNB|043264646</subfield>
    <subfield code="B">GND-043264646</subfield>
  </datafield>
  <datafield tag="689" ind1="0" ind2="4">
    <subfield code="a">Online-Ressource</subfield>
    <subfield code="A">f</subfield>
  </datafield>
  <datafield tag="856" ind1="4" ind2=" ">
    <subfield code="u">http://nbn-resolving.de/urn:nbn:de:hbz:5:2-66128</subfield>
    <subfield code="x">Resolving-System</subfield>
    <subfield code="z">kostenfrei</subfield>
    <subfield code="3">Volltext</subfield>
  </datafield>
  <datafield tag="856" ind1="4" ind2="2">
    <subfield code="m">B:DE-101</subfield>
    <subfield code="q">application/pdf</subfield>
    <subfield code="u">http://digitale-objekte.hbz-nrw.de/storage2/2017/09/30/file_10/7403295.pdf</subfield>
    <subfield code="3">Inhaltsverzeichnis</subfield>
    <subfield code="9">O:PKN</subfield>
  </datafield>
  <datafield tag="960" ind1="1" ind2=" ">
    <subfield code="i">iall</subfield>
  </datafield>
  <datafield tag="960" ind1="1" ind2=" ">
    <subfield code="r">epfl-5</subfield>
  </datafield>
  <datafield tag="960" ind1="1" ind2=" ">
    <subfield code="n">NWBib-5</subfield>
  </datafield>
  <datafield tag="964" ind1="0" ind2="s">
    <subfield code="F">030</subfield>
    <subfield code="A">a|1uc||||||17</subfield>
  </datafield>
  <datafield tag="964" ind1="0" ind2="s">
    <subfield code="F">050</subfield>
    <subfield code="A">||||||||g|||||</subfield>
  </datafield>
  <datafield tag="964" ind1="0" ind2="s">
    <subfield code="F">051</subfield>
    <subfield code="A">m|||||||</subfield>
  </datafield>
  <datafield tag="035" ind1=" " ind2=" ">
    <subfield code="a">(DE-599)HBZHT018617137</subfield>
  </datafield>
  <datafield tag="MBD" ind1=" " ind2=" ">
    <subfield code="M">49HBZ_NETWORK</subfield>
    <subfield code="i">990207750460206441</subfield>
    <subfield code="n">HBZ Network</subfield>
  </datafield>
  <datafield tag="MNG" ind1=" " ind2=" ">
    <subfield code="c">System</subfield>
    <subfield code="f">ILS</subfield>
    <subfield code="i">marc21</subfield>
    <subfield code="k">01</subfield>
    <subfield code="e">false</subfield>
    <subfield code="d">2021-04-09 12:09:43 Europe/Berlin</subfield>
    <subfield code="g">020775046-HBZ01</subfield>
    <subfield code="j">60</subfield>
    <subfield code="a">import</subfield>
    <subfield code="b">2021-04-06 02:20:07 Europe/Berlin</subfield>
  </datafield>
  <datafield tag="GSI" ind1="7" ind2=" ">
    <subfield code="a">4042570-8</subfield>
    <subfield code="0">http://d-nb.info/gnd/4042570-8</subfield>
    <subfield code="2">gnd</subfield>
    <subfield code="A">GND</subfield>
    <subfield code="B">GND-040425703</subfield>
    <subfield code="C">024</subfield>
  </datafield>
  <datafield tag="GGN" ind1=" " ind2=" ">
    <subfield code="a">Nord-Westphalie</subfield>
    <subfield code="A">GND</subfield>
    <subfield code="B">GND-040425703</subfield>
    <subfield code="C">451</subfield>
  </datafield>
  <datafield tag="GGN" ind1=" " ind2=" ">
    <subfield code="a">Norte-Westfalia</subfield>
    <subfield code="A">GND</subfield>
    <subfield code="B">GND-040425703</subfield>
    <subfield code="C">451</subfield>
  </datafield>
  <datafield tag="GGN" ind1=" " ind2=" ">
    <subfield code="a">NRW</subfield>
    <subfield code="4">abku</subfield>
    <subfield code="4">https://d-nb.info/standards/elementset/gnd#abbreviatedNameForThePlaceOrGeographicName</subfield>
    <subfield code="w">r</subfield>
    <subfield code="i">Abkuerzung</subfield>
    <subfield code="A">GND</subfield>
    <subfield code="B">GND-040425703</subfield>
    <subfield code="C">451</subfield>
  </datafield>
  <datafield tag="GGN" ind1=" " ind2=" ">
    <subfield code="a">North Rhine-Westphalia</subfield>
    <subfield code="A">GND</subfield>
    <subfield code="B">GND-040425703</subfield>
    <subfield code="C">451</subfield>
  </datafield>
  <datafield tag="GGN" ind1=" " ind2=" ">
    <subfield code="a">NW</subfield>
    <subfield code="4">abku</subfield>
    <subfield code="4">https://d-nb.info/standards/elementset/gnd#abbreviatedNameForThePlaceOrGeographicName</subfield>
    <subfield code="w">r</subfield>
    <subfield code="i">Abkuerzung</subfield>
    <subfield code="A">GND</subfield>
    <subfield code="B">GND-040425703</subfield>
    <subfield code="C">451</subfield>
  </datafield>
  <datafield tag="GGN" ind1=" " ind2=" ">
    <subfield code="a">Noordrijn-Westfalen</subfield>
    <subfield code="A">GND</subfield>
    <subfield code="B">GND-040425703</subfield>
    <subfield code="C">451</subfield>
  </datafield>
  <datafield tag="GGN" ind1=" " ind2=" ">
    <subfield code="a">North-Rhine/Westphalia</subfield>
    <subfield code="A">GND</subfield>
    <subfield code="B">GND-040425703</subfield>
    <subfield code="C">451</subfield>
  </datafield>
  <datafield tag="GGN" ind1=" " ind2=" ">
    <subfield code="a">Land Nordrhein-Westfalen</subfield>
    <subfield code="4">nauv</subfield>
    <subfield code="4">https://d-nb.info/standards/elementset/gnd#variantName</subfield>
    <subfield code="w">r</subfield>
    <subfield code="i">Unveraenderte Form</subfield>
    <subfield code="A">GND</subfield>
    <subfield code="B">GND-040425703</subfield>
    <subfield code="C">451</subfield>
  </datafield>
  <datafield tag="GST" ind1=" " ind2=" ">
    <subfield code="a">Nachhaltige Entwicklung</subfield>
    <subfield code="A">GND</subfield>
    <subfield code="B">GND-043264646</subfield>
    <subfield code="C">450</subfield>
  </datafield>
  <datafield tag="GST" ind1=" " ind2=" ">
    <subfield code="a">Langfristige Entwicklung</subfield>
    <subfield code="A">GND</subfield>
    <subfield code="B">GND-043264646</subfield>
    <subfield code="C">450</subfield>
  </datafield>
  <datafield tag="GST" ind1=" " ind2=" ">
    <subfield code="a">Sustainable Development</subfield>
    <subfield code="A">GND</subfield>
    <subfield code="B">GND-043264646</subfield>
    <subfield code="C">450</subfield>
  </datafield>
  <datafield tag="GST" ind1=" " ind2=" ">
    <subfield code="a">Dauerhafte Entwicklung</subfield>
    <subfield code="A">GND</subfield>
    <subfield code="B">GND-043264646</subfield>
    <subfield code="C">450</subfield>
  </datafield>
  <datafield tag="GST" ind1=" " ind2=" ">
    <subfield code="a">Zukunftsfa&#776;hige Entwicklung</subfield>
    <subfield code="A">GND</subfield>
    <subfield code="B">GND-043264646</subfield>
    <subfield code="C">450</subfield>
  </datafield>
  <datafield tag="GSI" ind1="7" ind2=" ">
    <subfield code="a">http://d-nb.info/gnd/4326464-5</subfield>
    <subfield code="2">uri</subfield>
    <subfield code="A">GND</subfield>
    <subfield code="B">GND-043264646</subfield>
    <subfield code="C">024</subfield>
  </datafield>
  <datafield tag="GST" ind1=" " ind2=" ">
    <subfield code="a">Forschung</subfield>
    <subfield code="x">Entwicklung</subfield>
    <subfield code="A">GND</subfield>
    <subfield code="B">GND-040178978</subfield>
    <subfield code="C">450</subfield>
  </datafield>
  <datafield tag="GST" ind1=" " ind2=" ">
    <subfield code="a">FuE</subfield>
    <subfield code="A">GND</subfield>
    <subfield code="B">GND-040178978</subfield>
    <subfield code="C">450</subfield>
  </datafield>
  <datafield tag="GST" ind1=" " ind2=" ">
    <subfield code="a">Research and development</subfield>
    <subfield code="A">GND</subfield>
    <subfield code="B">GND-040178978</subfield>
    <subfield code="C">450</subfield>
  </datafield>
  <datafield tag="GST" ind1=" " ind2=" ">
    <subfield code="a">F&amp;E</subfield>
    <subfield code="A">GND</subfield>
    <subfield code="B">GND-040178978</subfield>
    <subfield code="C">450</subfield>
  </datafield>
  <datafield tag="GST" ind1=" " ind2=" ">
    <subfield code="a">R&amp;D</subfield>
    <subfield code="A">GND</subfield>
    <subfield code="B">GND-040178978</subfield>
    <subfield code="C">450</subfield>
  </datafield>
  <datafield tag="GST" ind1=" " ind2=" ">
    <subfield code="a">Entwicklung</subfield>
    <subfield code="g">F&amp;E</subfield>
    <subfield code="A">GND</subfield>
    <subfield code="B">GND-040178978</subfield>
    <subfield code="C">450</subfield>
  </datafield>
  <datafield tag="GSI" ind1="7" ind2=" ">
    <subfield code="a">http://d-nb.info/gnd/4017897-3</subfield>
    <subfield code="2">uri</subfield>
    <subfield code="A">GND</subfield>
    <subfield code="B">GND-040178978</subfield>
    <subfield code="C">024</subfield>
  </datafield>
  <datafield tag="GST" ind1=" " ind2=" ">
    <subfield code="a">Fachhochschulen</subfield>
    <subfield code="A">GND</subfield>
    <subfield code="B">GND-040161722</subfield>
    <subfield code="C">450</subfield>
  </datafield>
  <datafield tag="GST" ind1=" " ind2=" ">
    <subfield code="a">Hochschule fu&#776;r angewandte Wissenschaften</subfield>
    <subfield code="A">GND</subfield>
    <subfield code="B">GND-040161722</subfield>
    <subfield code="C">450</subfield>
  </datafield>
  <datafield tag="GST" ind1=" " ind2=" ">
    <subfield code="a">University of applied sciences</subfield>
    <subfield code="A">GND</subfield>
    <subfield code="B">GND-040161722</subfield>
    <subfield code="C">450</subfield>
  </datafield>
  <datafield tag="GSI" ind1="7" ind2=" ">
    <subfield code="a">http://d-nb.info/gnd/4016172-9</subfield>
    <subfield code="2">uri</subfield>
    <subfield code="A">GND</subfield>
    <subfield code="B">GND-040161722</subfield>
    <subfield code="C">024</subfield>
  </datafield>
</record>